@article{test,
    author = {A. Author and B. Buthor},
    title = {Some amazing work of art},
    journal = {A fur realz journal},
    volume = {17},
    number = {3},
    year = {2013},
}

@book{syseng,
 author = {Sommerville, Ian},
 title = {Software engineering},
 publisher = {Pearson},
 year = {2011},
 address = {Boston},
 isbn = {0137053460} 
}

@misc{25010
   Key = {ISO/IEC 25010},
   publisher = {ISO, Geneva, Switzerland},
   type = {Norm},
   title = {Identification cards – Contactless integrated circuit(s) cards – Proximity cards},
   number = {ISO 25010},
   year = {2011}
}